{
  "leader": "02897cam a2200541 i 4500",
  "fields": [
    {
      "001": "ocm00176650\\"
    },
    {
      "003": "OCoLC"
    },
    {
      "005": "20220630112508.0"
    },
    {
      "008": "711130s1940\\\\\\\\dcua\\\\\\\\\\b\\\\\\\\001\\0\\eng\\\\"
    },
    {
      "010": {
        "ind1": "\\",
        "ind2": "\\",
        "subfields": [
          {
            "a": "   40027451 "
          }
        ]
      }
    },
    {
      "040": {
        "ind1": "\\",
        "ind2": "\\",
        "subfields": [
          {
            "a": "DLC"
          },
          {
            "b": "eng"
          },
          {
            "c": "WSU"
          },
          {
            "d": "SER"
          },
          {
            "d": "OCL"
          },
          {
            "d": "DZM"
          },
          {
            "d": "OCLCQ"
          },
          {
            "d": "AGL"
          },
          {
            "d": "STF"
          },
          {
            "d": "EYM"
          },
          {
            "d": "BUF"
          },
          {
            "d": "QE2"
          },
          {
            "d": "OCLCQ"
          },
          {
            "d": "OCLCF"
          },
          {
            "d": "OCLCO"
          },
          {
            "d": "OCL"
          },
          {
            "d": "SHH"
          },
          {
            "d": "NZ1"
          },
          {
            "d": "WRM"
          },
          {
            "d": "GILDS"
          },
          {
            "d": "XFF"
          },
          {
            "d": "TYC"
          },
          {
            "d": "MST"
          },
          {
            "d": "OKX"
          },
          {
            "d": "TKN"
          },
          {
            "d": "HCO"
          },
          {
            "d": "NAM"
          },
          {
            "d": "SNN"
          },
          {
            "d": "INT"
          },
          {
            "d": "FWR"
          },
          {
            "d": "ZAP"
          },
          {
            "d": "IOG"
          },
          {
            "d": "YOU"
          },
          {
            "d": "DCHUA"
          },
          {
            "d": "GDC"
          },
          {
            "d": "CSE"
          },
          {
            "d": "FDU"
          },
          {
            "d": "TJC"
          },
          {
            "d": "NJT"
          },
          {
            "d": "ZQP"
          },
          {
            "d": "UMK"
          },
          {
            "d": "NJP"
          },
          {
            "d": "AKH"
          },
          {
            "d": "AKO"
          },
          {
            "d": "MUS"
          },
          {
            "d": "GZN"
          },
          {
            "d": "JHE"
          },
          {
            "d": "CABFC"
          },
          {
            "d": "NVS"
          },
          {
            "d": "OCLCQ"
          },
          {
            "d": "OCLCO"
          },
          {
            "d": "UBY"
          },
          {
            "d": "OCLCO"
          },
          {
            "d": "FLWVS"
          },
          {
            "d": "OCLCQ"
          }
        ]
      }
    },
    {
      "016": {
        "ind1": "7",
        "ind2": "\\",
        "subfields": [
          {
            "a": "CAT11012301"
          },
          {
            "2": "DNAL"
          }
        ]
      }
    },
    {
      "019": {
        "ind1": "\\",
        "ind2": "\\",
        "subfields": [
          {
            "a": "1476641"
          },
          {
            "a": "456376794"
          }
        ]
      }
    },
    {
      "035": {
        "ind1": "\\",
        "ind2": "\\",
        "subfields": [
          {
            "a": "(OCoLC)176650"
          },
          {
            "z": "(OCoLC)1476641"
          },
          {
            "z": "(OCoLC)456376794"
          }
        ]
      }
    },
    {
      "043": {
        "ind1": "\\",
        "ind2": "\\",
        "subfields": [
          {
            "a": "n-us---"
          }
        ]
      }
    },
    {
      "050": {
        "ind1": "0",
        "ind2": "0",
        "subfields": [
          {
            "a": "LA210"
          },
          {
            "b": ".E453 1940"
          }
        ]
      }
    },
    {
      "050": {
        "ind1": "0",
        "ind2": "4",
        "subfields": [
          {
            "a": "LB875"
          },
          {
            "b": ".N186 1940"
          }
        ]
      }
    },
    {
      "055": {
        "ind1": "\\",
        "ind2": "3",
        "subfields": [
          {
            "a": "LB41"
          },
          {
            "b": ".E48"
          }
        ]
      }
    },
    {
      "070": {
        "ind1": "0",
        "ind2": "\\",
        "subfields": [
          {
            "a": "275"
          },
          {
            "b": "N2113Ed"
          }
        ]
      }
    },
    {
      "072": {
        "ind1": "\\",
        "ind2": "0",
        "subfields": [
          {
            "a": "X800"
          }
        ]
      }
    },
    {
      "082": {
        "ind1": "0",
        "ind2": "4",
        "subfields": [
          {
            "a": "370.973"
          },
          {
            "b": "EDU"
          }
        ]
      }
    },
    {
      "110": {
        "ind1": "2",
        "ind2": "\\",
        "subfields": [
          {
            "a": "Educational Policies Commission."
          }
        ]
      }
    },
    {
      "245": {
        "ind1": "1",
        "ind2": "0",
        "subfields": [
          {
            "a": "Education and economic well-being in American democracy."
          }
        ]
      }
    },
    {
      "260": {
        "ind1": "\\",
        "ind2": "\\",
        "subfields": [
          {
            "a": "Washington, D.C. :"
          },
          {
            "b": "Educational Policies Commission, National Education Association of the United States and the American Association of School Administrators,"
          },
          {
            "c": "[1940]"
          }
        ]
      }
    },
    {
      "300": {
        "ind1": "\\",
        "ind2": "\\",
        "subfields": [
          {
            "a": "4 preliminary leaves, 227 pages :"
          },
          {
            "b": "illustrations ;"
          },
          {
            "c": "24 cm"
          }
        ]
      }
    },
    {
      "336": {
        "ind1": "\\",
        "ind2": "\\",
        "subfields": [
          {
            "a": "text"
          },
          {
            "b": "txt"
          },
          {
            "2": "rdacontent"
          }
        ]
      }
    },
    {
      "337": {
        "ind1": "\\",
        "ind2": "\\",
        "subfields": [
          {
            "a": "unmediated"
          },
          {
            "b": "n"
          },
          {
            "2": "rdamedia"
          }
        ]
      }
    },
    {
      "338": {
        "ind1": "\\",
        "ind2": "\\",
        "subfields": [
          {
            "a": "volume"
          },
          {
            "b": "nc"
          },
          {
            "2": "rdacarrier"
          }
        ]
      }
    },
    {
      "500": {
        "ind1": "\\",
        "ind2": "\\",
        "subfields": [
          {
            "a": "Illustrated lining-papers."
          }
        ]
      }
    },
    {
      "500": {
        "ind1": "\\",
        "ind2": "\\",
        "subfields": [
          {
            "a": "\"Chief responsibility for the writing of the report was entrusted by the Committee to one of its members, Dr. John K. Norton.\"--Acknowledgment."
          }
        ]
      }
    },
    {
      "504": {
        "ind1": "\\",
        "ind2": "\\",
        "subfields": [
          {
            "a": "Includes bibliographical references and index."
          }
        ]
      }
    },
    {
      "650": {
        "ind1": "\\",
        "ind2": "0",
        "subfields": [
          {
            "a": "Education"
          },
          {
            "z": "United States."
          }
        ]
      }
    },
    {
      "651": {
        "ind1": "\\",
        "ind2": "0",
        "subfields": [
          {
            "a": "United States"
          },
          {
            "x": "Economic conditions"
          },
          {
            "y": "1918-1945."
          }
        ]
      }
    },
    {
      "650": {
        "ind1": "\\",
        "ind2": "0",
        "subfields": [
          {
            "a": "Education"
          },
          {
            "x": "Aims and objectives."
          }
        ]
      }
    },
    {
      "650": {
        "ind1": "\\",
        "ind2": "0",
        "subfields": [
          {
            "a": "Sociology."
          }
        ]
      }
    },
    {
      "650": {
        "ind1": "\\",
        "ind2": "2",
        "subfields": [
          {
            "a": "Sociology"
          }
        ]
      }
    },
    {
      "650": {
        "ind1": "\\",
        "ind2": "7",
        "subfields": [
          {
            "a": "Economic history."
          },
          {
            "2": "fast"
          },
          {
            "0": "(OCoLC)fst00901974"
          }
        ]
      }
    },
    {
      "650": {
        "ind1": "\\",
        "ind2": "7",
        "subfields": [
          {
            "a": "Education."
          },
          {
            "2": "fast"
          },
          {
            "0": "(OCoLC)fst00902499"
          }
        ]
      }
    },
    {
      "650": {
        "ind1": "\\",
        "ind2": "7",
        "subfields": [
          {
            "a": "Education"
          },
          {
            "x": "Aims and objectives."
          },
          {
            "2": "fast"
          },
          {
            "0": "(OCoLC)fst00902507"
          }
        ]
      }
    },
    {
      "650": {
        "ind1": "\\",
        "ind2": "7",
        "subfields": [
          {
            "a": "Sociology."
          },
          {
            "2": "fast"
          },
          {
            "0": "(OCoLC)fst01123875"
          }
        ]
      }
    },
    {
      "651": {
        "ind1": "\\",
        "ind2": "7",
        "subfields": [
          {
            "a": "United States."
          },
          {
            "2": "fast"
          },
          {
            "0": "(OCoLC)fst01204155"
          }
        ]
      }
    },
    {
      "648": {
        "ind1": "\\",
        "ind2": "7",
        "subfields": [
          {
            "a": "1918-1945"
          },
          {
            "2": "fast"
          }
        ]
      }
    },
    {
      "700": {
        "ind1": "1",
        "ind2": "\\",
        "subfields": [
          {
            "a": "Norton, John K.,"
          },
          {
            "d": "1893-1979."
          }
        ]
      }
    },
    {
      "776": {
        "ind1": "0",
        "ind2": "8",
        "subfields": [
          {
            "i": "Online version:"
          },
          {
            "a": "Educational Policies Commission."
          },
          {
            "t": "Education and economic well-being in American democracy."
          },
          {
            "d": "Washington, D.C., Educational Policies Commission, National Education Association of the United States and the American Association of School Administrators [1940]"
          },
          {
            "w": "(OCoLC)581259869"
          }
        ]
      }
    },
    {
      "776": {
        "ind1": "0",
        "ind2": "8",
        "subfields": [
          {
            "i": "Online version:"
          },
          {
            "a": "Educational Policies Commission."
          },
          {
            "t": "Education and economic well-being in American democracy."
          },
          {
            "d": "Washington, D.C., Educational Policies Commission, National Education Association of the United States and the American Association of School Administrators [1940]"
          },
          {
            "w": "(OCoLC)630829491"
          }
        ]
      }
    },
    {
      "994": {
        "ind1": "\\",
        "ind2": "\\",
        "subfields": [
          {
            "a": "Z0"
          },
          {
            "b": "NYRVC"
          }
        ]
      }
    },
    {
      "948": {
        "ind1": "\\",
        "ind2": "\\",
        "subfields": [
          {
            "h": "NO HOLDINGS IN NYRVC - 391 OTHER HOLDINGS"
          }
        ]
      }
    },
    {
      "999": {
        "ind1": "\\",
        "ind2": "\\",
        "subfields": [
          {
            "a": "00000000019615"
          }
        ]
      }
    }
  ]
}